UNB+UNOA:1+IDB+IDBRATES:ZZ+160623:1622+000000787'UNH+000000787+PAYEXT:2:932:UN'BGM+204+9999999999999999'DTM+137:201606231554:203'DTM+7:201606231554:203'MOA+ZZZ'FII+BK++11'DOC+203:::1'MOA+6:1:USD'DTM+134:201606231554:203'DLI+2+91'CUX+1++3.92'CUX+2++3.8640295'CUX+4++3.74'CUX+5++3.7949624'DLI+2+92'CUX+3++3.823'DOC+203:::1'MOA+6:1:GBP'DTM+134:201606231554:203'DLI+2+91'CUX+1++5.83'CUX+2++5.7371683'CUX+4++5.54'CUX+5++5.6345672'DLI+2+92'CUX+3++5.6972'DOC+203:::1'MOA+6:1:SEK'DTM+134:201606231554:203'DLI+2+91'CUX+1++0.48'CUX+2++0.4732349'CUX+4++0.45'CUX+5++0.4647423'DLI+2+92'CUX+3++0.4675'DOC+203:::1'MOA+6:1:CHF'DTM+134:201606231554:203'DLI+2+91'CUX+1++4.12'CUX+2++4.0537296'CUX+4++3.91'CUX+5++3.9812098'DLI+2+92'CUX+3++4.001'DOC+203:::1'MOA+6:1:CAD'DTM+134:201606231554:203'DLI+2+91'CUX+1++3.09'CUX+2++3.0382941'CUX+4++2.93'CUX+5++2.9839036'DLI+2+92'CUX+3++3.0057'DOC+203:::1'MOA+6:1:NZD'DTM+134:201606231554:203'DLI+2+91'CUX+1++2.84'CUX+2++2.7968946'CUX+4++2.7'CUX+5++2.7467799'DLI+2+92'CUX+3++2.7718'DOC+203:::1'MOA+6:1:DKK'DTM+134:201606231554:203'DLI+2+91'CUX+1++0.6'CUX+2++0.5913012'CUX+4++0.57'CUX+5++0.5806785'DLI+2+92'CUX+3++0.5853'DOC+203:::1'MOA+6:1:SGD'DTM+134:201606231554:203'DLI+2+91'CUX+1++2.94'CUX+2++2.8970242'CUX+4++2.79'CUX+5++2.845109'DLI+2+92'CUX+3++2.8711'DOC+203:::1'MOA+6:1:HKD'DTM+134:201606231554:203'DLI+2+91'CUX+1++0.51'CUX+2++0.4981288'CUX+4++0.48'CUX+5++0.4892294'DLI+2+92'CUX+3++0.4937'DOC+203:::1'MOA+6:1:ZAR'DTM+134:201606231554:203'DLI+2+91'CUX+1++0.28'CUX+2++0.2688193'CUX+4++0.25'CUX+5++0.2629331'DLI+2+92'CUX+3++0.2649'DOC+203:::1'MOA+6:1:AUD'DTM+134:201606231554:203'DLI+2+91'CUX+1++2.98'CUX+2++2.9311678'CUX+4++2.83'CUX+5++2.8787039'DLI+2+92'CUX+3++2.8964'DOC+203:::1'MOA+6:1:EUR'DTM+134:201606231554:203'DLI+2+91'CUX+1++4.47'CUX+2++4.3990805'CUX+4++4.25'CUX+5++4.3205457'DLI+2+92'CUX+3++4.3533'DOC+203:::1'MOA+6:1:JOD'DTM+134:201606231554:203'DLI+2+91'CUX+1++5.59'CUX+2++5.504499'CUX+4++5.31'CUX+5++5.4063018'DLI+2+92'CUX+3++5.3965'DOC+203:::1'MOA+6:1:NOK'DTM+134:201606231554:203'DLI+2+91'CUX+1++0.48'CUX+2++0.4727923'CUX+4++0.45'CUX+5++0.464279'DLI+2+92'CUX+3++0.4674'DOC+203:::1'MOA+6:1:SAL'DTM+134:201606231554:203'DLI+2+91'CUX+1++4.31'CUX+2++4.2387235'CUX+4++4.09'CUX+5++4.162926'DLI+2+92'CUX+3++4.2008'DOC+203:::1'MOA+6:100:JPY'DTM+134:201606231554:203'DLI+2+91'CUX+1++3.74'CUX+2++3.68557'CUX+4++3.56'CUX+5++3.61922'DLI+2+92'CUX+3++3.6153'DOC+203:::1'MOA+6:10:PHP'DTM+134:201606231554:203'DLI+2+91'CUX+1++0.85'CUX+2++0.83191'CUX+4++0.8'CUX+5++0.816987'DLI+2+92'CUX+3++0.8244'DOC+203:::1'MOA+6:1:NGN'DTM+134:201606231554:203'DLI+2+91'CUX+1++0.01'CUX+2++0.013748'CUX+4++0.01'CUX+5++0.0133654'DLI+2+92'CUX+3++0.0136'DOC+203:::1'MOA+6:100:CLP'DTM+134:201606231554:203'DLI+2+91'CUX+1++0.58'CUX+2++0.57363'CUX+4++0.55'CUX+5++0.56339'DLI+2+92'CUX+3++0.5685'DOC+203:::1'MOA+6:1:SAR'DTM+134:201606231554:203'DLI+2+91'CUX+1++1.04'CUX+2++1.0313557'CUX+4++0.99'CUX+5++1.0109216'DLI+2+92'CUX+3++1.0211'DOC+203:::1'MOA+6:1:BGN'DTM+134:201606231554:203'DLI+2+91'CUX+1++2.29'CUX+2++2.2489666'CUX+4++2.17'CUX+5++2.2087285'DLI+2+92'CUX+3++2.2288'DOC+203:::1'MOA+6:1000:IDR'DTM+134:201606231554:203'DLI+2+91'CUX+1++0.3'CUX+2++0.2915'CUX+4++0.28'CUX+5++0.2863'DLI+2+92'CUX+3++0.2889'DOC+203:::1'MOA+6:1:RUB'DTM+134:201606231554:203'DLI+2+91'CUX+1++0.06'CUX+2++0.0603455'CUX+4++0.05'CUX+5++0.0592562'DLI+2+92'CUX+3++0.0598'DOC+203:::1'MOA+6:1000:KRW'DTM+134:201606231554:203'DLI+2+91'CUX+1++3.49'CUX+2++3.3717'CUX+4++3.19'CUX+5++3.3113'DLI+2+92'CUX+3++3.3415'DOC+203:::1'MOA+6:1:PLN'DTM+134:201606231554:203'DLI+2+91'CUX+1++1.02'CUX+2++1.0059851'CUX+4++0.97'CUX+5++0.9879116'DLI+2+92'CUX+3++0.9969'DOC+203:::1'MOA+6:1:LKR'DTM+134:201606231554:203'DLI+2+91'CUX+1++0.03'CUX+2++0.0265704'CUX+4++0.02'CUX+5++0.0260963'DLI+2+92'CUX+3++0.0263'DOC+203:::1'MOA+6:1:RON'DTM+134:201606231554:203'DLI+2+91'CUX+1++0.99'CUX+2++0.9727218'CUX+4++0.94'CUX+5++0.9572503'DLI+2+92'CUX+3++0.965'DOC+203:::1'MOA+6:1:BRL'DTM+134:201606231554:203'DLI+2+91'CUX+1++1.16'CUX+2++1.1491531'CUX+4++1.1'CUX+5++1.1240741'DLI+2+92'CUX+3++1.1366'DOC+203:::1'MOA+6:1:MXN'DTM+134:201606231554:203'DLI+2+91'CUX+1++0.21'CUX+2++0.212065'CUX+4++0.2'CUX+5++0.2074419'DLI+2+92'CUX+3++0.2098'DOC+203:::1'MOA+6:1:THB'DTM+134:201606231554:203'DLI+2+91'CUX+1++0.11'CUX+2++0.1100793'CUX+4++0.1'CUX+5++0.1076813'DLI+2+92'CUX+3++0.1089'DOC+203:::1'MOA+6:10:CZK'DTM+134:201606231554:203'DLI+2+91'CUX+1++1.68'CUX+2++1.64727'CUX+4++1.54'CUX+5++1.574699'DLI+2+92'CUX+3++1.611'DOC+203:::1'MOA+6:1:TRY'DTM+134:201606231554:203'DLI+2+91'CUX+1++1.37'CUX+2++1.3470342'CUX+4++1.29'CUX+5++1.3171736'DLI+2+92'CUX+3++1.3321'DOC+203:::1'MOA+6:1:EGP'DTM+134:201606231554:203'DLI+2+91'CUX+1++0.44'CUX+2++0.435107'CUX+4++0.42'CUX+5++0.4275468'DLI+2+92'CUX+3++0.4306'DOC+203:::1'MOA+6:1:TWD'DTM+134:201606231554:203'DLI+2+91'CUX+1++0.12'CUX+2++0.1210711'CUX+4++0.11'CUX+5++0.1184359'DLI+2+92'CUX+3++0.1198'DOC+203:::1'MOA+6:1:PEN'DTM+134:201606231554:203'DLI+2+91'CUX+1++1.2'CUX+2++1.1780025'CUX+4++1.13'CUX+5++1.1523684'DLI+2+92'CUX+3++1.1652'DOC+203:::1'MOA+6:100:HUF'DTM+134:201606231554:203'DLI+2+91'CUX+1++1.42'CUX+2++1.4001'CUX+4++1.35'CUX+5++1.375'DLI+2+92'CUX+3++1.3876'DOC+203:::1'MOA+6:10:INR'DTM+134:201606231554:203'DLI+2+91'CUX+1++0.58'CUX+2++0.575552'CUX+4++0.55'CUX+5++0.562984'DLI+2+92'CUX+3++0.5693'DOC+203:::1'MOA+6:1:CNY'DTM+134:201606231554:203'DLI+2+91'CUX+1++0.6'CUX+2++0.5964019'CUX+4++0.56'CUX+5++0.5690146'DLI+2+92'CUX+3++0.5827'DOC+203:::1'MOA+6:1:ARS'DTM+134:201606231554:203'DLI+2+91'CUX+1++0.28'CUX+2++0.2752301'CUX+4++0.26'CUX+5++0.2692409'DLI+2+92'CUX+3++0.2722'DOC+203:::1'MOA+6:10:XAU'DTM+134:201606231554:203'DLI+2+91'CUX+1++974.318'CUX+2++905.470582'CUX+4++731.668'CUX+5++798.724437'DLI+2+92'CUX+3++485.20975'DOC+203:::1'MOA+6:1:XAG'DTM+134:201606231554:203'DLI+2+91'CUX+1++68.45'CUX+2++67.380351'CUX+4++64.98'CUX+5++66.0607619'DLI+2+92'CUX+3++66.7206'DOC+203:::1'MOA+6:1:XPT'DTM+134:201606231554:203'DLI+2+91'CUX+1++835.654'CUX+2++782.539198'CUX+4++648.548'CUX+5++700.22875'DLI+2+92'CUX+3++741.384'DOC+203:::1'MOA+6:1:XPD'DTM+134:201606231554:203'DLI+2+91'CUX+1++210.197'CUX+2++179.591186'CUX+4++102.382'CUX+5++132.161902'DLI+2+92'CUX+3++155.8765'DOC+203:::1'MOA+6:1:ETB'DTM+134:201606231554:203'DLI+2+91'CUX+1++0.38'CUX+2++0.3715681'CUX+4++0.35'CUX+5++0.3642103'DLI+2+92'CUX+3++0.3679'DOC+203:::1'MOA+6:1:HRK'DTM+134:201606231554:203'DLI+2+91'CUX+1++0.59'CUX+2++0.584826'CUX+4++0.56'CUX+5++0.5743739'DLI+2+92'CUX+3++0.5796'UNS+S'MOA+ZZZ'UNT+459+000000787'UNZ+1+000000787'